@article{Rouzo88,
    pages = {1512},
    author = {H Le Rouzo},
    journal = {Phys. Rev. A},
    volume = {37},
    year = {1988},
}

@misc{Rouzo86,
NOTE={H. Le Rouzo, J. Phys. B {\bf 19}, L677 (1986); 
Phys. Rev. A {\bf 37}, 1512 (1988)}
}

@article{Kolos86,
    pages ={3278},
    author ={W. Kolos and K. Szalewicz and H. J. Monkhorst},
    journal = {J. Chem. Phys.},
    volume = {84},
    year ={1986}
}
@MISC{Webernature,
	NOTE = {T. Weber {\em et al.}, Nature {\bf 431}, 437 (2004).}
}

@MISC{Weber2004,
    NOTE={Th. Weber {\em et al.}, Phys. Rev. Lett. {\bf 92}, 163001 (2004).}
}

@article{Kossmann89,
    pages ={2040},
    author ={H. Kossmann and O. Schwarzkopf and B. K\"ammerling and V. Schmidt},
    journal = {Phys. Rev. Lett.},
    volume = {63},
    year ={1989}
}
@article{Dujardin87,
    pages ={5012},
    author ={G. Dujardin and M. J. Besnard and L. Hellner and Y. Malinovitch},
    journal = {Phys. Rev. A},
    volume = {35},
    year ={1987}
}
@article{TopicalReview2004,
    pages ={R137},
    author ={C. W. McCurdy and M. Baertschy and T. N. Rescigno},
    journal = {J. Phys. B},
    volume = {37},
    year ={2004}
}
@article{watanabe93,
    pages ={L495},
    author ={S. Watanabe, Y. Hosoda and D. Kato},
    journal = {J. Phys. B: At. Mol. Opt. Phys.},
    volume = {26},
    year ={1993}
}

@article{Bottcher81,
     pages = {L349},
     author = {C. Bottcher},
     journal ={J. Phys. B: At. Mol. Phys.},
     volume ={14},
     year = {1981}
}
@article{Horner2004,
    pages={xxxx},
    author={D. A. Horner and J. Colgan and F. Mart{\'{\i}}n and C. W. McCurdy and M. S. Pindzola and  T. N. Rescigno },
    journal={Phys. Rev. A},
    volume={XX},
    year={2004},
}

@article{BolExp,
   author ={ P. Bolognesi and  A. S. Kheifets and I. Bray and L. Malegat and P. Selles and A. K. Kazansky and L. Avaldi},
   journal ={ J. Phys. B: At. Mol. and Opt. Phys.},
   volume = {36} ,
   pages ={L241},
   year = {2003}
}


@article{konohattori,
   author ={A. Kono and S. Hattori}, 
   journal ={Phys. Rev. A},
   volume = {29}, 
   pages={2981},
   year={1984}
}

@article{Wehlitz1991,
    author = {R. Wehlitz and F. Heiser and O. Hemmers and B. Langer and A. Menzel and U. Becker},
    journal = {Phys. Rev. Lett.},
    volume = {67},
    pages = {3764},
    year = {1991}
}

@article{Poet,
   author ={R. Poet},
   journal = {J. Phys B: At. Mol. Phys.},
   year = {1980},
   volume = {13},
   pages = {2995}
}


@article{StelbovicsECShighZ,
      journal = {Phys. Rev. A},
      year = {2004},
      author = {P. L. Bartlett and A. T. Stelbovics},
      volume = {69},
      pages = {040701}
}

@article{turnerECS82,
   author = "J. Turner and C. W. McCurdy",
   year = "1982",
   journal = "Chem. Phys.",
   volume = "71", 
   pages =  "127"
}


@book{NBShandbook,
  author = "M. Abramowitz and I. A. Stegun",
  title = "Handbook of Mathematical Functions",
  publisher = "National Bureau of Standards, U. S. Government Printing Office",
  address = "Washington, D. C.",
  year = "1964",
  note ="p. 878"
}

@article{simon72,
   author = "B. Simon",
   year = "1972",
   journal = "Commun. Math. Phys.",
   volume = "27",
   pages = "1"
}

@article{doolen1974,
   author={G. D. Doolen and J. Nuttal and R. W. Stagat},
   journal = {Phys.Rev. A},
   volume = {10},
   pages = {1612},
   year = {1974}
}

@article{nuttall_cohen1969,
   author ={J. Nuttall and H. L. Cohen},
   journal = {Phys. Rev.},
   volume = {188},
   pages = {1542},
   year = {1969}
}


@article{regge1959,
   author = {T. Regge},
   journal = {Nuovo Cimento},
   volume = {14},
   pages= {951},
   year={1959}
}

@article{regge1960,
   author = {T. Regge},
   journal = {Nuovo Cimento},
   volume = {18},
   pages= {947},
   year={1960}
}

@article{bottino_regge1962,
   author = {A. Bottino and A. M. Longoni and T. Regge},
   journal = {Nuovo Cimento},
   volume = {23},
   pages= {954},
   year={1962}
}

@article{balslev_combes1971,
   author = {E. Balslev and J. M. Combes},
   journal = {Commun. Math. Phys.},
   volume = {22},
   pages = {280},
   year = {1971}
}

@article{aguilar_combes1971,
   author = {J. Aguilar and J. M. Combes},
   journal = {Commun. Math. Phys.},
   volume = {22},
   pages = {269},
   year = {1971}
}

@article{science99,
   author = "T. N. Rescigno and M. Baertschy and W. A. Isaacs and C. W. McCurdy",
   year = "1999",
   journal = "Science",
   volume = "286",
   pages = "2474"
}

@article{practical00,
   author = "C. W. McCurdy and T. N. Rescigno",
   year = "2000",
   journal = "Phys. Rev. A",
   volume = "62",
   pages = "032712"
}

@article{practical01,
   author = "C. W. McCurdy and D. A. Horner and T. N. Rescigno",
   year = "2001",
   journal = "Phys. Rev. A",
   volume = "63",
   pages = "022711"
}

@article{accurate01,
   author = "M. Baertschy and  T. N. Rescigno and C. W. McCurdy",
   year = "2001",
   journal = "Phys. Rev. A",
   volume = "64",
   pages = "022709"
}

@article{HatomDDCS,
     author = {W A Isaacs and M Baertschy and C W McCurdy and T N Rescigno},
     year = {2001},
     journal = {Phys. Rev. A},
     volume = {63},
     pages = {0307204}
}

@article{HTDCCandECS,
     author = {M Baertschy and T N Rescigno and C W McCurdy and J Colgan
                  and M S Pindzola},
      year = {2001},
      pages = {050701},
      journal = {Phys. Rev. A},
      volume = {63}
}
@article{McCurdyMartin04,
	VOLUME = {37},
	YEAR = {2004},
	AUTHOR = {C. W. McCurdy and F. Mart{\'{\i}}n},
	PAGES = {917},
	JOURNAL = {J. Phys. B}
}

@article{HeDPIECS,
        volume = {69},
        journal = {Phys. Rev. A},
        pages = {032707},
        author = {C. W. McCurdy and D. A. Horner and T. N. Rescigno and F. Mart{\'{\i}}n},
        year = {2004}
}

@article{phases03,
	VOLUME = {68},
	PAGES = {020701},
	JOURNAL = {Phys. Rev. A},
	YEAR = {2003},
	AUTHOR = {T. N. Rescigno and M. Baertschy and C. W. McCurdy}
}

@article{MakingECSwork97,
   author ="T. N. Rescigno and M. Baertschy and D. Byrum and C. W. McCurdy",
   year = "1997",
   journal = "Phys. Rev. A",
   volume = "55",
   pages = "4253"
}


@article{TimeDepECS91,
   author ="C. W. McCurdy and C. K. Stroud and M. K. Wisinski",
   year = "1991",
   journal = "Phys. Rev. A",
   volume ="43",
   pages ="5980"
}

@article{TimeDepECS2002,
    author = {C. W. McCurdy and D. A. Horner and T. N. Rescigno},
    journal = {Phys. Rev. A},
    pages = {042714},
    volume ={65},
    year = {2002}
}

@article{dvr00,
   author = "T. N. Rescigno and C. W. McCurdy",
   year = "2000",
   journal = "Phys. Rev. A",
   volume = "62",
   pages = "032706"
}

@article{ehi01,
   author = "M. Baertschy and T. N. Rescigno and W. A. Isaacs and X. Li and C. W. McCurdy",
   year = "2001",
   journal = "Phys. Rev. A",
   volume = "63",
   pages = "022712"
}

@article{fem1,
   author = "C. W. McCurdy and T. N. Rescigno and D. Byrum",
   year = "1997",
   journal = "Phys. Rev. A",
   volume = "56",
   pages = "1958"
}

@article{fem2,
   author = "C. W. McCurdy and T. N. Rescigno",
   year = "1997",
   journal = "Phys. Rev. A",
   volume = "56",
   pages = "R4369"
}

@article{TPbenchmark,
   author = "M. Baertschy and T. N. Rescigno and W. A. Isaacs and C. W. McCurdy",
   year = "1999",
   journal = "Phys. Rev. A",
   volume = "60",
   pages = "R13"
}
@article{twobodybc,
   author = {T. N. Rescigno and C. W. McCurdy and W. A. Isaacs and M. Baertschy},
   year = {1999},
   journal = {Phys. Rev. A},
   volume = {60},
   pages = {3740}
}
@article{drake02,
	VOLUME = {65},
	YEAR = {2002},
	AUTHOR = {G. W. F. Drake and M. M. Cassar and R. A. Nistor},
	PAGES = {054501},
	JOURNAL = {Phys. Rev. A}
}

@article{Samson98,
	AUTHOR = {J. A. R. Samson and W. C> Stolte and Z. X. He and J. N. Cutler 
and Y. Lu},
	JOURNAL = {Phys. Rev. A},
	YEAR = {1998},
	PAGES = {1906},
	VOLUME = {57}
}

@article{Wightman98,
	PAGES = {1753},
	VOLUME = {31},
	JOURNAL = {J. Phys. B: At. Mol. Opt. Phys.},
	YEAR = {1998},
	AUTHOR = {J. P. Weightman and S. Cvejanovi{'c} and T. J. Reddish}
}

@article{Soejima99,
	AUTHOR = {K. Soejima and A. Danjo and K. Okuno and A. Yagishita},
	JOURNAL = {Phys. Rev. Lett.},
	YEAR = {1999},
	PAGES = {1546},
	VOLUME = {83}
}

@article{Huetz91,
	JOURNAL = {J. Phys. B: At. Mol. Opt. Phys.},
	AUTHOR = {A. Huetz and P Selles and D Waymel and J. Mazeau},
	VOLUME = {24},
	PAGES = {1917},
	YEAR = {1991}
}

@article{Huetz00,
	JOURNAL = {Phys. Rev. Lett.},
	AUTHOR = {A. Huetz and J. Mazeau},
	PAGES = {530},
	YEAR = {2000},
	VOLUME = {85}
}

@article{Brauning98,
	JOURNAL = {J. Phys. B: At. Mol. Opt. Phys.},
	YEAR = {1988},
	AUTHOR = {M. Bra{\"u}ning and R. D{\"o}rner and C. L. Cocke and M. H. 
Prior and B. Kri{\"a}ssig and A. S. Kheifets and I. Bray and A. Bra{\"u}ning-
Demian and K. Carnes and S Dreuil and V Mergel and P Richard and J. Ulrich and 
H. Schmidt-B{\"o}cking},
	VOLUME = {31},
	PAGES = {5149}
}

@article{Mergel98,
	VOLUME = {80},
	YEAR = {1989},
	JOURNAL = {Phys. Rev. Lett.},
	AUTHOR = {V. Mergel and M. Achler and R. D{\"o}rner and Kh. Khayyat and T. 
Kambara and Y. Awaya and V. Zoran and B. Nystr{\"o}m and L. Spielberger and J. 
H. McGuire and J. Feagin and J. Berakdar and Y. Azuma and H. Schmidt-
B{\"o}cking},
	PAGES = {5301}
}

@article{BraunerBriggsKlar89,
	JOURNAL = {J. Phys. B: At. Mol. Opt. Phys.},
	AUTHOR = {M. Brauner and J. S. Briggs and H. Klar},
	PAGES = { 2265},
	YEAR = {1989},
	VOLUME = {22}
}

@article{Briggs93,
	PAGES = {1679},
	AUTHOR = {F. Maulbetsch and J. S. Briggs},
	YEAR = {1993},
	VOLUME = {26},
	JOURNAL = {J. Phys. B: At. Mol. Opt. Phys.}
}

@article{BerakdarBriggs94,
	YEAR = {1994},
	AUTHOR = {J. Berakdar and J. S. Briggs},
	JOURNAL = {Phys. Rev. Lett.},
	VOLUME = {72},
	PAGES = {3799}
}

@article{CCCphasesTP,
      author = {P. L. Bartlett and I. Bray and S. Jones and 
                A. T. Stelbovics and A. S. Kadyrov 
                 and K. Bartschat and G. L. Ver Steeg
                and M. P. Scott and P. G. Burke},
      journal = {Phys. Rev. A},
      volume = {68},
      year = {2003},
      pages = {020702}
}

@article{StelbovicsECS1,
      journal = {J. Phys. B: At. Mol. Opt. Phys},
      year = {2004},
      author = {P. L. Bartlett and A. T. Stelbovics and I. Bray},
      volume = {37},
      pages = {L69}
}

@article{StelbovicsECS2,
      journal = {Phys. Rev. A},
      year = {2004},
      author = {P. L. Bartlett and A. T. Stelbovics},
      volume = {69},
      pages = {022703}
}
 
@article{StelbovicsTP1,
      journal = {Phys. Rev. A},
      year = {2002},
      author = {S. Jones and A. T. Stelbovics},
      volume = {66},
      pages = {032717}
}
@article{StelbovicsTP2,
      journal = {Phys. Rev. A},
      year = {2004},
      author = {P. L. Bartlett and A. T. Stelbovics},
      volume = {69},
      pages = {022703}
}

@article{BrayStelbovics92,
	JOURNAL = {Phys. Rev. A},
	PAGES = {6995},
	AUTHOR = {I. Bray and A. T. Stelbovics},
	VOLUME = {46},
	YEAR = {1992}
}

@article{BrayFursa96,
	JOURNAL = {Phys. Rev. A},
	AUTHOR = {I. Bray and D. V. Fursa},
	VOLUME = {54},
	YEAR = {1996},
	PAGES = {2991}
}

@article{Bray97,
	AUTHOR = {I. Bray},
	YEAR = {1997},
	JOURNAL = {Phys. Rev. Lett.},
	PAGES = {4721},
	VOLUME = {78}
}

@article{KheifetsBray98,
	AUTHOR = {A. Kheifets and I. Bray},
	JOURNAL = {J. Phys. B: At. Mol. Opt. Phys.},
	YEAR = {1998},
	PAGES = {L447},
	VOLUME = {31}
}


@article{sanchezmartin97,
	YEAR = {1997},
	AUTHOR = {I. S\'anchez and F. Mart\'{\i}n},
	PAGES = {679-692},
	VOLUME = {30},
	JOURNAL = {J. Phys. B}
}

@article{sbmjpb97,
   author = "I. S\'anchez and H. Bachau and F. Mart\'{\i}n",
   year = "1997",
   journal = "J. Phys. B: At. Mol. Opt. Phys.",
   volume = "30",
   pages = "2417"
}

@article{reber02,
   author = "A. Reber and F. Mart\'{\i}n and H. Bachau and R. S. Berry",
   year = "2002",
   journal = "Phys. Rev. A",
   volume = "65",
   pages = "0634131"
}


@article{smprl97,
   author = "I. S\'anchez and F. Mart\'{\i}n",
   year = "1997",
   journal = "Phys. Rev. Lett.",
   volume = "79",
   pages = "1654"
}

@article{smprl99,
   author = "I. S\'anchez and F. Mart\'{\i}n",
   year = "1999",
   journal = "Phys. Rev. Lett.",
   volume = "82",
   pages = "3775"
}

@article{malegat2002,
	PAGES = {032711},
	JOURNAL = {Phys. Rev. A},
	YEAR = {2002},
	AUTHOR = {P. Selles and L. Malegat  and A. K. Kazansky},
	VOLUME = {65}
}

@article{MalegatAmps1,
	PAGES = {251},
	AUTHOR = {L. Malegat and P. Selles and A. Huetz},
	YEAR = {1997},
	JOURNAL = {J. Phys. B: At. Mol. Opt. Phys.},
	VOLUME = {30}
}

@article{MalegatAmps2,
	VOLUME = {30},
	YEAR = {1997},
	PAGES = {263},
	JOURNAL = {J. Phys. B: At. Mol. Opt. Phys.},
	AUTHOR = {L. Malegat and P. Selles and P. Lablanquie and J. Mazeau and A.  Huetz}
}

@article{BrayAmps2002,
	JOURNAL = {Phys. Rev. A},
	AUTHOR = {A. S. Kheifets and I. Bray},
	YEAR = {2002},
	VOLUME = {65},
	PAGES = {022708}
}

@article{KonoHattori,
	NUMBER = {29},
	PAGES = {281},
	YEAR = {1984},
	JOURNAL = {Phys. Rev. A},
	AUTHOR = {A. Kono ad S. Hattori}
}

@article{Bolognesi2001,
	PAGES = {3193},
	AUTHOR = {P. Bolognesi and R. Camillion and M. Coreo and G. Turri and J Berakdar and A. S. Kheifets and L. Avaldi},
	YEAR = {2001},
	JOURNAL = {J. Phys. B: At. Mol. Opt. Phys.},
	VOLUME = {34}
}

@article{Cvejanovic2000,
	JOURNAL = {J. Phys. B: At. Mol. Opt. Phys.},
	PAGES = {265},
	AUTHOR = {S. Cvejanovi{\'c} and J.P. Wingman and T. J. Reddish and F.  Maulbetsch and M. A. MacDonald and A. S. Kheifets and I. Bray},
	YEAR = {2000},
	VOLUME = {33}
}

@article{karlsson98,
   author = "H. O. Karlsson",
   year ="1998",
   journal = "J. Chem. Phys.",
   volume ="108",
   pages = "3849"
}

@article{FisherSpline90,
   author ="C. F. Fisher and W. Guo",
   year = "1990",
   journal ="J. Comput. Phys.",
   volume = "90",
   pages = "486"
}

@article{FisherSpline92,
   author ="C. F. Fisher and W. Guo",
   year = "1992",
   journal ="Int. J. Quantum Chem.",
   volume = "42",
   pages = "849"
}

@article{FisherSpline99,
   author ="Y. Qui and C. F. Fisher",
   year = "1999",
   journal ="J. Comput. Phys.",
   volume = "156",
   pages = "257"
}



@article{BachauMartinReview01,
   author = "H. Bachau and E. Cormier and P. Decleva and J. E. Hansen and F. Mart\'{\i}n",
   title = "Applications of B-splines in atomic and molecular physics",
   year = "2001",
   journal = "Rep. Prog. Phys.",
   volume = "64",
   pages = "1815-1942"
}

@article{MartinReview99,
   author = "F. Mart\'{\i}n",
   year = "1999",
   title = "Ionization and dissociation using B-splines: photoionization of the hydrogen molecule",
   journal = "J. Phys. B",
   volume = "32",
   pages = "R197-R231"
}

@article{LambropoulosReview00,
   author = "P. Lambropoulos and P. Maragakis and J. Zhang",
   year = "2000",
   journal = "Phys. Rep.",
   volume = "305",
   pages = "203"
}

@article{SapersteinJohnsonReview96,
   author = "J. Saperstein and W. R. Johnson",
   year = "1996",
   journal = "J. Phys. B: At. Mol. Opt. Phys.",
   volume = "29",
   pages = "5213"
}

@article{ReinhardtReview82,
   author = "W. Reinhardt",
   year = "1982",
   journal = "Ann. Rev. Phys. Chem.",
   volume = "33",
   pages = "223"
}

@article{Nicolaides,
   author = "C. A. Nicolaides and D. R. Beck",
   year = "1978",
   journal = "Phys. Lett. A",
   volume = "65",
   pages = "11"
}

@article{YarisWinkler78,
   author = "R. Yaris and P. Winkler",
   year = "1978",
   journal = "J.Phys. B: At. Mol. Phys.",
   volume = "11",
   pages = "1475-1480"
}

@article{TelnovChu02,
   author = "Dimitry A. Telnov and Shih-I Chu",
   year = "2002",
   journal = "Phys. Rev. A",
   volume = "66",
   pages = "043417-1-043417-13"
}

@article{TelnovChu99,
   author = "Dimitry A. Telnov and Shih-I Chu",
   year = "1999",
   journal = "Phys. Rev. A",
   volume = "59",
   pages = "2864-2874"
}


@article{Elander94,
    author ="P. B. Kurasov and A. Scrinzi and N. Elander",
    year = "1994",
    journal = "Phys. Rev. A",
    volume = "49",
    pages = "5095"
}

@article{stelbovics00,
   author = "S. Jones and A. T. Stelbovics",
   year = "2000",
   journal = "Phys. Rev. Letts.",
   volume = "84",
   pages = "1878"
}

@article{peterkop62,
   author = "R. K. Peterkop",
   year = "1962",
   journal = "Opt. Spectrosc.",
   volume = "13",
   pages = "87"
}

@article{rudgeseaton65,
   author = "M. R. H. Rudge and M. J. Seaton",
   year = "1965",
   journal = "Proc. Roy. Phys. Soc.",
   volume = "283",
   pages = "262"
}

@article{rudge68,
   author = "M. R. H. Rudge",
   year = "1968",
   journal = "Rev. Mod. Phys.",
   volume = "40",
   pages = "564"
}

@article{alt93,
   author = "E. O. Alt and A. M. Mukhamedzhanov",
   year = "1993",
   journal = "Phys. Rev. A",
   volume = "47",
   pages = "2004"
}


@article{shakeshaft95,
   author = "M. Pont and R. Shakeshaft",
   year = "1995",
   journal = "Phys. Rev. A",
   volume = "51",
   pages = "R2676"
}

@article{shakeshaft93,
   author = "D. Proulx and R. Shakeshaft",
   year = "1993",
   journal = "Phys. Rev. A",
   volume = "48",
   pages = "R875"
}


@article{simon79,
   author = "B. Simon",
   year = "1979",
   journal = "Phys. Lett. A",
   volume = "71",
   pages = "211"
}

@article{whelan,
   author = "S. P. Lucey and J. Rasch and C. T. Whelan",
   year = "1999",
   journal = "Proc. Roy. Soc. Lond. A",
   volume = "455",
   pages = "349"
}

@article{temkin62,
   author = "A. Temkin",
   year = "1962",
   journal = "Phys. Rev.",
   volume = "126",
   pages = "130"
}

@article{poet78,
   author = "R. Poet",
   year = "1978",
   journal = "J. Phys. B: At. Mol. Opt. Phys.",
   volume = "11",
   pages = "3081"
}

@article{light82,
   author = "J. V. Lill and G. A. Parker and J. C. Light",
   year = "1982",
   journal = "Chem. Phys. Lett.",
   volume = "89",
   pages = "483"
}

@article{manolopoulos88,
   author = "D. E. Manolopoulos and R. E. Wyatt",
   year = "1988",
   journal = "Chem. Phys. Lett.",
   volume = "152",
   pages = "23"
}

@article{malegat,
   author = "L. Malegat and M. Vinke",
   year = "1994",
   journal = "J. Phys. B: At. Mol. Opt. Phys.",
   volume = "28",
   pages = "645"
}

@article{watanabe96,
   author = "D. Kato and S. Watanabe",
   year = "1996",
   journal = "J. Phys. B: At. Mol. Opt. Phys.",
   volume = "29",
   pages = "L779"
}

@article{Rau2000,
   author = "H. R. Sadeghpour and J. L. Bohn and M. J. Cavagnero and B. D. Esry and 
   I. I. Fabrikant and J. H. Macek and A. R. P. Rau",
   year = "2000",
   journal = "J. Phys. B: At. Mol. Opt. Phys.",
   volume = "33",
   pages = "R93"
}

@article{IERM,
   author = "M. P. Scott and P. G. Burke and K. Bartschat and I. Bray",
   year = "1997",
   journal = "J. Phys. B: At. Mol. Opt. Phys.",
   volume = "30",
   pages = "L309"
}

@article{Macek97,
   author = "W. Ihra and J. H. Macek",
   year = "1997",
   journal = "Phys. Rev. A",
   volume = "55",
   pages = "2024"
}
@article{madison2000,
   author = {D. H. Madison and D. O. Odero and J. L. Peacher},
   year = {2000},
   journal = {J. Phys. B: At. Mol. Opt. Phys.},
   volume = {33},
   pages={4409}
}

@article{pindzola2000,
   author = "M. S. Pindzola and D. Mitnik and F. Robicheaux",
   year = {2000},
   journal = {Phys. Rev. A},
   volume = {62},
   pages = {062718}
}

@article{pindzola97,
   author = "F. Robicheaux and M. S. Pindzola and D. R. Plante",
   year = "1997",
   journal = "Phys. Rev. A",
   volume = "55",
   pages = "3573"
}

@article{pindzola2001,
   author = "J.Colgan and M. S. Pindzola and F. Robicheaux",
   year = "2001",
   journal = "J. Phys. B",
   volume = "34",
   pages = "L457-L466"
}

@article{rost,
   author = "J. M. Rost",
   year = "1994",
   journal = "Phys. Rev. Lett.",
   volume = "72",
   pages = "1998"
}

@article{wannier,
   author = "G. Wannier",
   year = "1953",
   journal = "Phys. Rev.",
   volume = "90",
   pages = "817"
}

@article{vanderhart,
   author = "H. W. van der Hart and C. Laughlin and J. E. Hansen",
   year = "1993",
   journal = "Phys. Rev. Lett.",
   volume = "71",
   pages = "1506"
}

@article{verbock,
   author = "G. Verbockhaven and J. E. Hansen",
   year = "2000",
   journal = "Phys. Rev. Lett.",
   volume = "84",
   pages = "2810"
}

@article{cormier,
   author = "E. Cormier and H. Bachau and J. Zhang",
   year = "1993",
   journal = "J. Phys. B: At. Mol. Opt. Phys.",
   volume = "26",
   pages = "4449"
}

@article{sanchez,
   author = "I. S\'anchez and E. Cormier and H. Bachau and J. Zhang",
   year = "1994",
   journal = "J. Phys. B: At. Mol. Opt. Phys.",
   volume = "27",
   pages = "4909"
}

@article{smprl97,
   author = "I. S\'anchez and F. Mart\'{\i}n",
   year = "1997",
   journal = "Phys. Rev. Lett.",
   volume = "79",
   pages = "1654"
}

@article{smprl99,
   author = "I. S\'anchez and F. Mart\'{\i}n",
   year = "1999",
   journal = "Phys. Rev. Lett.",
   volume = "82",
   pages = "3775"
}

@article{stener,
   author = "M. Stener and G. Fronzoni and M. Venuti and P. Decleva",
   year = "1999",
   journal = "Chem. Phys. Lett.",
   volume = "309",
   pages = "129"
}

@article{tweed,
   author = "R. J. Tweed",
   year = "1972",
   journal = "J. Phys. B: At. Mol. Opt. Phys.",
   volume = "5",
   pages = "810-819"
}

@article{herzberg,
   author = "J. F. Hart and G. Herzberg",
   year = "1957",
   journal = "Phys. Rev.",
   volume = "106",
   pages = "79-82"
}

@article{samson94,
   author = "J. A. R. Samson and Z. X. He and L. Yin and G. N. Haddad",
   year = "1994",
   journal = "J. Phys. B: At. Mol. Opt. Phys.",
   volume = "27",
   pages = "887-898"
}

@article{ho82,
   author = "Y. K. Ho",
   year = "1982",
   journal = "J. Phys. B: At. Mol. Opt. Phys.",
   volume = "15",
   pages = "L691-L695"
}

@article{ho91a,
   author = "Y. K. Ho",
   year = "1991",
   journal = "Z. Phys. D",
   volume = "21",
   pages = "191-196"
}

@article{ho91b,
   author = "Y. K. Ho",
   year = "1991",
   journal = "Phys. Rev. A",
   volume = "44",
   pages = "4154-4161"
}

@article{fanocooper,
   author = "J. W. Cooper and U. Fano and F. Prats",
   year = "1963",
   journal = "Phys. Rev. Lett.",
   volume = "10",
   pages = "518-521"
}

@article{herrick75,
   author = "D. R. Herrick and O. Sinanoglu",
   year = "1975",
   journal = "Phys. Rev. A",
   volume = "11",
   pages = "97-110"
}

@article{oza,
   author = "D. H. Oza",
   year = "1986",
   journal = "Phys. Rev. A",
   volume = "33",
   pages = "824"
}

@article{moccia,
   author = "R. Moccia and P. Spizzo",
   year = "1987",
   journal = "J. Phys. B: At. Mol. Opt. Phys.",
   volume = "20",
   pages = "1423"
}

@book{deBoor,
   author ="C. de Boor",
   year = "1978",
   title = "A Practical Guide to Splines",
   publisher ="Springer, New York"
}

@book{Taylor,
  author = "John R. Taylor",
  title = "Scattering Theory: The Quantum Theory of Nonrelativistic Collisions",
  publisher = "Robert E. Krieger Publishing Company",
  address = "Malabar, FL",
  year = "1987",
  note ="p. 266ff"
}

@book{edmonds,
  author = "A. R. Edmonds",
  title = "Angular Momentum in Quantum Mechanics",
  publisher = "Princeton University Press",
  address = "Princeton",
  year = "1957",
  note ="p. 37ff"
}
@book{newton,
  author = "Roger. G. Newton",
  title = "Scattering Theory of Waves and Particles",
  publisher = "Springer-Verlag",
  address = "New York",
  year = "1982"
}

@book{jackson,
  author = "John David Jackson",
  title = "Classical Electrodynamics",
  publisher = "John Wiley and Sons",
  address = "New York",
  year = "1975",
  note="p. 110ff"
}

@article{peterkop,
   author = "R. K. Peterkop",
   year = "1962",
   journal = "Optics and Spectroscopy",
   volume = "13",
   pages = "87"
}


@MISC{Redmond,
	NOTE = { Redmond P J (unpublished), quoted in Rosenberg L 
1973 {\em Phys. Rev. D} {\bf 8} 1833 }
}

@article{JonesMadison,
   author = "S. Jones and D. Madison",
   year = "2000",
   journal = "Phys. Rev. A",
   volume = "62",
   pages = "042701"
}

@article{KimZubarev,
   author = "Y. E. Kim and A. L. Zubarev",
   year = "1997",
   journal = "Phys. Rev. A",
   volume = "56",
   pages = "521"
}

@article{Kadyrov,
   author = "A. S. Kadyrov and A. M. Mukhamedzhanov and A. T. Stelbovics",
   year = "2003",
   journal = "Phys. Rev. A",
   volume = "67",
   pages = "024702"
}

@article{Kadyrov03,
   author = "A. S. Kadyrov and A. M. Mukhamedzhanov and A. T. Stelbovics
and I. Bray and F. Pirlepesov",
   year = "2003",
   journal = "Phys. Rev. A",
   volume = "68",
   pages = "060704"
}

@article{PindzolaSchultz,
   author = "M. S. Pindzola and D. R. Schultz",
   year = "1996",
   journal = "Phys. Rev. A",
   volume = "53",
   pages = "1525"
}

@article{PindzolaRobicheaux96,
   author = "M. S. Pindzola and F. Robicheaux",
   year = "1996",
   journal = "Phys. Rev. A",
   volume = "54",
   pages = "2142"
}

@article{Malegat2000,
   author = "L. Malegat and P. Selles and A. K. Kazansky",
   year = "2000",
   journal = "Phys. Rev. Lett.",
   volume = "85",
   pages = "4450"
}

@article{StelboPRL,
   author = "A. T. Stelbovics",
   year = "1999",
   journal = "Phys. Rev. Lett.",
   volume = "83",
   pages = "1570"
}

@article{Scott2002,
   author = "M. P. Scott and T. Stitt and N. S. Scott and P. G. Burke",
   year = "2002",
   journal = "J. Phys. B: At. Mol. Opt. Phys.",
   volume = "35",
   pages = "L323"
}

@article{Burke69,
   author = "P. G. Burke and D. F. Gallaher and S. Geltman",
   year = "1969",
   journal = "J. Phys. B: At. Mol. Phys.",
   volume = "2",
   pages = "1142"
}

@article{KBM94,
   author = "D. A. Konovalov and I. Bray and I. E. McCarthy",
   year = "1994",
   journal = "J. Phys. B: At. Mol. Phys.",
   volume = "22",
   pages = "L413"
}

@article{BB96,
   author = "K. Bartschat and I. Bray",
   year = "1996",
   journal = "Phys. Re. A",
   volume = "54",
   pages = "R1002"
}

@article{ML96,
   author = "A. M. Mukhamedzhanov and M. Lieber",
   year = "1996",
   journal = "Phys. Rev. A",
   volume = "54",
   pages = "3078"
}
 
@article{Bray2000,
   author = "I. Bray",
   year = "2000",
   journal = "Aust. J. Phys",
   volume = "53",
   pages = "355"
}

@book{copson,
	YEAR = {1967},
	PUBLISHER = {Cambridge University Press},
	TITLE = {Asymptotic Expansions},
	AUTHOR = {E. T. Copson},
	ADDRESS = {Cambridge, England}
}

@article{Rom90,
   author = "N. Rom and E. Engdahl and N. Moiseyev",
   year = "1990",
   journal = "J. Chem. Phys.",
   volume = "93",
   pages = "3413"
}

@article{Elander98,
    author ="N. Elander and E. Yarevsky",
    year = "1998",
    journal = "Phys. Rev. A",
    volume = "57",
    pages = "3119"
}


@article{StelbovicseH3,
      journal = {Phys. Rev. A},
      year = {2004},
      author = {P. L. Bartlett and A. T. Stelbovics},
      volume = {69},
      pages = {040701}
}

@ARTICLE{pindzola_e3e,
	PAGES = {4390-4398},
	AUTHOR = {M. S. Pindzola and D. Mitnik and F. Robicheaux},
	YEAR = {1999},
	JOURNAL = {Phys. Rev. A},
	VOLUME = {59},
	TITLE = {Electron-impact double ionization of a model helium atom}
}

@ARTICLE{S-wave,
	PAGES = {xxxx},
	AUTHOR = {D. A. Horner and C. W. McCurdy and T. N. Rescigno},
	YEAR = {2004},
	JOURNAL = {Phys. Rev. A},
	VOLUME = {XX}
}

@INCOLLECTION{Springer,
  author =       {T. N. Rescigno and C. W. McCurdy},
  booktitle =        {Many-Particle Quantum Dynamics in Atomic and Molecular
                                 Fragmentation},
  publisher =    {Springer},
  editor =       {J. Ullrich and V. P. Shevelko},
  address =      {Berlin},
  year = {2003},
  pages =    {}
}

@article{mccurdyECS91,
   author = "C. W. McCurdy and C. K. Stroud and M. K. Wisinski",
   year = "1991",
   journal = "Phys. Rev. A",
   volume = "43", 
   pages =  "5980"
}

@article{JMB03,
   author = "J. Jones and D. H. Madison and M. Baertschy",
   year = "2003",
   journal = "Phys. Rev. A",
   volume = "67", 
   pages =  "012703"
}

@article{Khakoo,
   author = "J. G. Childers and K. E. James and I. Bray and M. Baertschy
   and M.H. Khakoo",
   year = "2003",
   journal = "Phys. Rev. A",
   volume = "68", 
   pages =  "022709"
}

@article{RBB,
   author = "J. R{\"o}der and M. Baertschy and I. Bray",
   year = "2003",
   journal = "Phys. Rev. A",
   volume = "67", 
   pages =  "010702"
}

@article{shyn,
   author = "T. W. Shyn",
   year = "1992",
   journal = "Phys. Rev. A",
   volume = "45", 
   pages =  "2951"
}


@article{Roder1996,
  author = "J. R{\"{o}}der and J. Rasch and K. Jung and C. T. Whelan and H. Ehrhardt and R.J. Allan and H.R.J. Walters",
  title = "Coulomb three-body effects in low-energy impact ionization of {H}$(1s)$",
  journal = "Phys. Rev. A",
  volume = 53,
  pages = "225",
  year = 1996
}

@article{Roder1997,
  author = "J. R{\"{o}}der and H. Ehrhardt and C. Pan and A. F. Starace and I. Bray and D.V. Fursa",
  title = "Absolute Triply Differential $(e,2e)$ Cross Section Measurements for {H} with Comparison to Theory",
  journal = "Phys. Rev. Lett.",
  volume = 79,
  pages = "1666",
  year = 1997
}

@article{Bray00,
 author = "I. Bray",
 journal = "J. Phys. B: At. Mol. Phys.",
  volume = 33,
  pages = "581",
  year = 2000
}

@MISC{roderthesis,
	NOTE = { R{\"{o}}der J 1996 Ph.D. thesis University of Kaiserslautern Germany (unpublished)}
}

@article{Pan,
 author = "C. Pan and A. F. Starace",
 journal = "Phys. Rev. Lett.",
  volume = 67,
  pages = "185",
  year = 1991
}
